<record xmlns="http://www.loc.gov/MARC21/slim" xmlns:xsi="http://www.w3.org/2001/XMLSchema-instance" xsi:schemaLocation="http://www.loc.gov/MARC21/slim http://www.loc.gov/standards/marcxml/schema/MARC21slim.xsd"><leader>00606nz   2200133n  4500</leader><controlfield tag="001">oca03857569 </controlfield><controlfield tag="005">19950615054208.4</controlfield><controlfield tag="008">950613n| acannaab|          |n aaa     c</controlfield><datafield ind1=" " ind2=" " tag="010"><subfield code="a">nr 95021880 </subfield></datafield><datafield ind1=" " ind2=" " tag="040"><subfield code="a">NNC</subfield><subfield code="c">NNC</subfield></datafield><datafield ind1="1" ind2=" " tag="100"><subfield code="a">Symmachus, Q. Aurelius Memmius,</subfield><subfield code="d">d. 525</subfield></datafield><datafield ind1=" " ind2=" " tag="670"><subfield code="a">Symmachus, Q. Carmina [CF] 1991:</subfield><subfield code="b">PHI CD ROM #5.3, Latin Canon, bibliographic screen (Q. Aurelius Memmius Symmachus)</subfield></datafield><datafield ind1=" " ind2=" " tag="670"><subfield code="a">Pauly-Wissowa:</subfield><subfield code="b">2. Reihe, 7. Halbbd., col. 1160; "Symmachus", #30 (Q. Aurelius Memmius Symmachus; consul ordinarius in 485; executed 525; father-in-law of Boethius)</subfield></datafield><datafield ind1=" " ind2=" " tag="675"><subfield code="a">NUC pre-56;</subfield><subfield code="a">Oxford class. dict.</subfield></datafield></record>